[gd_scene load_steps=18 format=2]

[ext_resource path="res://levels/level3/Level3.gd" type="Script" id=1]
[ext_resource path="res://music/metal-remix.ogg" type="AudioStream" id=2]
[ext_resource path="res://levels/level3/3-1.tscn" type="PackedScene" id=3]
[ext_resource path="res://levels/level3/3-4.tscn" type="PackedScene" id=4]
[ext_resource path="res://levels/level3/3-7.tscn" type="PackedScene" id=5]
[ext_resource path="res://levels/level3/3-5.tscn" type="PackedScene" id=6]
[ext_resource path="res://levels/level3/3-boss.tscn" type="PackedScene" id=7]
[ext_resource path="res://levels/level3/3-6.tscn" type="PackedScene" id=8]
[ext_resource path="res://levels/level3/3-3.tscn" type="PackedScene" id=9]
[ext_resource path="res://levels/level3/3-2.tscn" type="PackedScene" id=10]
[ext_resource path="res://levels/level3/3-1b.tscn" type="PackedScene" id=11]
[ext_resource path="res://ui/ui.tscn" type="PackedScene" id=12]
[ext_resource path="res://levels/level3/background3.png" type="Texture" id=13]
[ext_resource path="res://levels/level3/background3a.png" type="Texture" id=14]
[ext_resource path="res://levels/level3/background3b.png" type="Texture" id=15]
[ext_resource path="res://levels/level3/background3c.png" type="Texture" id=16]
[ext_resource path="res://levels/level2/HidingRect.gd" type="Script" id=17]

[node name="Level3" type="Node2D"]
script = ExtResource( 1 )
music = ExtResource( 2 )

[node name="Screens" type="Node2D" parent="."]

[node name="3-1" parent="Screens" instance=ExtResource( 3 )]

[node name="3-4" parent="Screens" instance=ExtResource( 4 )]
position = Vector2( 880, 120 )

[node name="3-7" parent="Screens" instance=ExtResource( 5 )]
position = Vector2( 1760, 240 )

[node name="3-5" parent="Screens" instance=ExtResource( 6 )]
position = Vector2( 1360, 120 )

[node name="3-boss" parent="Screens" instance=ExtResource( 7 )]
position = Vector2( 1955, 240 )

[node name="3-6" parent="Screens" instance=ExtResource( 8 )]
position = Vector2( 1560, 240 )

[node name="3-3" parent="Screens" instance=ExtResource( 9 )]
position = Vector2( 680, 120 )
gravity_point = true

[node name="3-2" parent="Screens" instance=ExtResource( 10 )]
position = Vector2( 200, 120 )

[node name="3-1b" parent="Screens" instance=ExtResource( 11 )]
position = Vector2( 0, 120 )

[node name="Tween" type="Tween" parent="."]

[node name="Ui" parent="." instance=ExtResource( 12 )]

[node name="ParallaxBackground" type="ParallaxBackground" parent="."]

[node name="ParallaxLayer" type="ParallaxLayer" parent="ParallaxBackground"]
motion_scale = Vector2( 0, 0 )

[node name="Sprite2" type="Sprite" parent="ParallaxBackground/ParallaxLayer"]
position = Vector2( -650, -60 )
scale = Vector2( 20, 1 )
texture = ExtResource( 13 )
centered = false
region_rect = Rect2( 0, 0, 2000, 120 )

[node name="ParallaxLayer4" type="ParallaxLayer" parent="ParallaxBackground"]
motion_scale = Vector2( 0.2, 0 )

[node name="Sprite" type="Sprite" parent="ParallaxBackground/ParallaxLayer4"]
position = Vector2( -122, -60 )
texture = ExtResource( 14 )
centered = false
region_rect = Rect2( 0, 0, 2000, 120 )

[node name="Sprite4" type="Sprite" parent="ParallaxBackground/ParallaxLayer4"]
position = Vector2( 318, -60 )
texture = ExtResource( 14 )
centered = false
region_rect = Rect2( 0, 0, 2000, 120 )

[node name="Sprite6" type="Sprite" parent="ParallaxBackground/ParallaxLayer4"]
position = Vector2( 768, -60 )
texture = ExtResource( 14 )
centered = false
region_rect = Rect2( 0, 0, 2000, 120 )

[node name="Sprite8" type="Sprite" parent="ParallaxBackground/ParallaxLayer4"]
position = Vector2( 1238, -60 )
texture = ExtResource( 14 )
centered = false
region_rect = Rect2( 0, 0, 2000, 120 )

[node name="Sprite9" type="Sprite" parent="ParallaxBackground/ParallaxLayer4"]
position = Vector2( 1728, -60 )
texture = ExtResource( 14 )
centered = false
region_rect = Rect2( 0, 0, 2000, 120 )

[node name="Sprite2" type="Sprite" parent="ParallaxBackground/ParallaxLayer4"]
position = Vector2( -350, -60 )
texture = ExtResource( 14 )
centered = false
region_rect = Rect2( 0, 0, 2000, 120 )

[node name="Sprite3" type="Sprite" parent="ParallaxBackground/ParallaxLayer4"]
position = Vector2( 90, -60 )
texture = ExtResource( 14 )
centered = false
region_rect = Rect2( 0, 0, 2000, 120 )

[node name="Sprite5" type="Sprite" parent="ParallaxBackground/ParallaxLayer4"]
position = Vector2( 540, -60 )
texture = ExtResource( 14 )
centered = false
region_rect = Rect2( 0, 0, 2000, 120 )

[node name="Sprite7" type="Sprite" parent="ParallaxBackground/ParallaxLayer4"]
position = Vector2( 1010, -60 )
texture = ExtResource( 14 )
centered = false
region_rect = Rect2( 0, 0, 2000, 120 )

[node name="Sprite10" type="Sprite" parent="ParallaxBackground/ParallaxLayer4"]
position = Vector2( 1500, -60 )
texture = ExtResource( 14 )
centered = false
region_rect = Rect2( 0, 0, 2000, 120 )

[node name="ParallaxLayer2" type="ParallaxLayer" parent="ParallaxBackground"]
motion_scale = Vector2( 0.5, 0 )

[node name="Sprite" type="Sprite" parent="ParallaxBackground/ParallaxLayer2"]
position = Vector2( -112, -60 )
texture = ExtResource( 15 )
centered = false
region_rect = Rect2( 0, 0, 2000, 120 )

[node name="Sprite5" type="Sprite" parent="ParallaxBackground/ParallaxLayer2"]
position = Vector2( 708, -60 )
texture = ExtResource( 15 )
centered = false
region_rect = Rect2( 0, 0, 2000, 120 )

[node name="Sprite10" type="Sprite" parent="ParallaxBackground/ParallaxLayer2"]
position = Vector2( 1548, -60 )
texture = ExtResource( 15 )
centered = false
region_rect = Rect2( 0, 0, 2000, 120 )

[node name="Sprite3" type="Sprite" parent="ParallaxBackground/ParallaxLayer2"]
position = Vector2( 298, -60 )
texture = ExtResource( 15 )
centered = false
region_rect = Rect2( 0, 0, 2000, 120 )

[node name="Sprite7" type="Sprite" parent="ParallaxBackground/ParallaxLayer2"]
position = Vector2( 1118, -60 )
texture = ExtResource( 15 )
centered = false
region_rect = Rect2( 0, 0, 2000, 120 )

[node name="Sprite11" type="Sprite" parent="ParallaxBackground/ParallaxLayer2"]
position = Vector2( 1958, -60 )
texture = ExtResource( 15 )
centered = false
region_rect = Rect2( 0, 0, 2000, 120 )

[node name="Sprite2" type="Sprite" parent="ParallaxBackground/ParallaxLayer2"]
position = Vector2( -310, -60 )
texture = ExtResource( 15 )
centered = false
region_rect = Rect2( 0, 0, 2000, 120 )

[node name="Sprite8" type="Sprite" parent="ParallaxBackground/ParallaxLayer2"]
position = Vector2( 510, -60 )
texture = ExtResource( 15 )
centered = false
region_rect = Rect2( 0, 0, 2000, 120 )

[node name="Sprite9" type="Sprite" parent="ParallaxBackground/ParallaxLayer2"]
position = Vector2( 1350, -60 )
texture = ExtResource( 15 )
centered = false
region_rect = Rect2( 0, 0, 2000, 120 )

[node name="Sprite4" type="Sprite" parent="ParallaxBackground/ParallaxLayer2"]
position = Vector2( 100, -60 )
texture = ExtResource( 15 )
centered = false
region_rect = Rect2( 0, 0, 2000, 120 )

[node name="Sprite6" type="Sprite" parent="ParallaxBackground/ParallaxLayer2"]
position = Vector2( 920, -60 )
texture = ExtResource( 15 )
centered = false
region_rect = Rect2( 0, 0, 2000, 120 )

[node name="Sprite12" type="Sprite" parent="ParallaxBackground/ParallaxLayer2"]
position = Vector2( 1750, -60 )
texture = ExtResource( 15 )
centered = false
region_rect = Rect2( 0, 0, 2000, 120 )

[node name="ParallaxLayer3" type="ParallaxLayer" parent="ParallaxBackground"]
motion_scale = Vector2( 0.75, 0 )

[node name="Sprite" type="Sprite" parent="ParallaxBackground/ParallaxLayer3"]
position = Vector2( -122, -60 )
texture = ExtResource( 16 )
centered = false
region_rect = Rect2( 0, 0, 2000, 120 )

[node name="Sprite4" type="Sprite" parent="ParallaxBackground/ParallaxLayer3"]
position = Vector2( 268, -60 )
texture = ExtResource( 16 )
centered = false
region_rect = Rect2( 0, 0, 2000, 120 )

[node name="Sprite6" type="Sprite" parent="ParallaxBackground/ParallaxLayer3"]
position = Vector2( 668, -60 )
texture = ExtResource( 16 )
centered = false
region_rect = Rect2( 0, 0, 2000, 120 )

[node name="Sprite7" type="Sprite" parent="ParallaxBackground/ParallaxLayer3"]
position = Vector2( 1078, -60 )
texture = ExtResource( 16 )
centered = false
region_rect = Rect2( 0, 0, 2000, 120 )

[node name="Sprite10" type="Sprite" parent="ParallaxBackground/ParallaxLayer3"]
position = Vector2( 1458, -60 )
texture = ExtResource( 16 )
centered = false
region_rect = Rect2( 0, 0, 2000, 120 )

[node name="Sprite2" type="Sprite" parent="ParallaxBackground/ParallaxLayer3"]
position = Vector2( -320, -60 )
texture = ExtResource( 16 )
centered = false
region_rect = Rect2( 0, 0, 2000, 120 )

[node name="Sprite3" type="Sprite" parent="ParallaxBackground/ParallaxLayer3"]
position = Vector2( 70, -60 )
texture = ExtResource( 16 )
centered = false
region_rect = Rect2( 0, 0, 2000, 120 )

[node name="Sprite5" type="Sprite" parent="ParallaxBackground/ParallaxLayer3"]
position = Vector2( 470, -60 )
texture = ExtResource( 16 )
centered = false
region_rect = Rect2( 0, 0, 2000, 120 )

[node name="Sprite8" type="Sprite" parent="ParallaxBackground/ParallaxLayer3"]
position = Vector2( 880, -60 )
texture = ExtResource( 16 )
centered = false
region_rect = Rect2( 0, 0, 2000, 120 )

[node name="Sprite9" type="Sprite" parent="ParallaxBackground/ParallaxLayer3"]
position = Vector2( 1260, -60 )
texture = ExtResource( 16 )
centered = false
region_rect = Rect2( 0, 0, 2000, 120 )

[node name="HidingRect" type="ParallaxLayer" parent="ParallaxBackground"]
visible = false
position = Vector2( -125, -60 )
motion_scale = Vector2( 0.25, 0 )
script = ExtResource( 17 )

[node name="ColorRect" type="ColorRect" parent="ParallaxBackground/HidingRect"]
margin_right = 2000.0
margin_bottom = 120.0
color = Color( 0, 0, 0, 1 )
